@inproceedings{zimmerer2018space,
	title = {Space Tentacles - Integrating Multimodal Input into a VR Adventure Game},
	author = {Zimmerer, Chris and Fischbach, Martin and Latoschik, Marc Erich},
	booktitle = {Proceedings of the 25th IEEE Virtual Reality (VR) conference},
	year = {2018},
	publisher = {IEEE}
}
