@inproceedings{hudak2007history,
  title={A history of Haskell: being lazy with class},
  author={Hudak, Paul and Hughes, John and Peyton Jones, Simon and Wadler, Philip},
  booktitle={Proceedings of the third ACM SIGPLAN conference on History of programming languages},
  pages={12--1},
  year={2007},
  organization={ACM}
}

@inproceedings{marlow2004making,
  title={Making a fast curry: push/enter vs. eval/apply for higher-order languages},
  author={Marlow, Simon and Jones, Simon Peyton},
  booktitle={ACM SIGPLAN Notices},
  volume={39},
  number={9},
  pages={4--15},
  year={2004},
  organization={ACM}
}
