@inproceedings{hudak2007history,
  title={A history of Haskell: being lazy with class},
  author={Hudak, Paul and Hughes, John and Peyton Jones, Simon and Wadler, Philip},
  booktitle={Proceedings of the third ACM SIGPLAN conference on History of programming languages},
  pages={12--1},
  year={2007},
  organization={ACM}
}

@inproceedings{marlow2004making,
  title={Making a fast curry: push/enter vs. eval/apply for higher-order languages},
  author={Marlow, Simon and Jones, Simon Peyton},
  booktitle={ACM SIGPLAN Notices},
  volume={39},
  number={9},
  pages={4--15},
  year={2004},
  organization={ACM}
}

@article{jones1992implementing,
  title={Implementing lazy functional languages on stock hardware: the Spineless Tagless G-machine},
  author={Jones, Simon L Peyton},
  journal={Journal of functional programming},
  volume={2},
  number={2},
  pages={127--202},
  year={1992},
  publisher={Cambridge University Press}
}

@inproceedings{fairbairn1987tim,
  title={TIM: A simple, lazy abstract machine to execute supercombinators},
  author={Fairbairn, Jon and Wray, Stuart},
  booktitle={Conference on Functional Programming Languages and Computer Architecture},
  pages={34--45},
  year={1987},
  organization={Springer}
}

@book{johnsson1984efficient,
  title={Efficient compilation of lazy evaluation},
  author={Johnsson, Thomas},
  volume={19},
  number={6},
  year={1984},
  publisher={ACM}
}

@inproceedings{marlow2007faster,
  title={Faster laziness using dynamic pointer tagging},
  author={Marlow, Simon and Yakushev, Alexey Rodriguez and Peyton Jones, Simon},
  booktitle={Acm sigplan notices},
  volume={42},
  number={9},
  pages={277--288},
  year={2007},
  organization={ACM}
}

@article{girard1986system,
	title={The system F of variable types, fifteen years later},
	author={Girard, Jean-Yves},
	journal={Theoretical computer science},
	volume={45},
	pages={159--192},
	year={1986},
	publisher={Elsevier}
}

@inproceedings{sulzmann2007system,
	title={System F with type equality coercions},
	author={Sulzmann, Martin and Chakravarty, Manuel MT and Jones, Simon Peyton and Donnelly, Kevin},
	booktitle={Proceedings of the 2007 ACM SIGPLAN international workshop on Types in languages design and implementation},
	pages={53--66},
	year={2007},
	organization={ACM}
}

@article{aho1986compilers,
	title={Compilers, principles, techniques},
	author={Aho, Alfred V and Sethi, Ravi and Ullman, Jeffrey D},
	journal={Addison wesley},
	volume={7},
	number={8},
	pages={9},
	year={1986}
}

@book{muchnick1997advanced,
	title={Advanced compiler design implementation},
	author={Muchnick, Steven and others},
	year={1997},
	publisher={Morgan kaufmann}
}

@article{diehl2000abstract,
	title={Abstract machines for programming language implementation},
	author={Diehl, Stephan and Hartel, Pieter and Sestoft, Peter},
	journal={Future Generation Computer Systems},
	volume={16},
	number={7},
	pages={739--751},
	year={2000},
	publisher={Elsevier}
}

@inproceedings{lattner2004llvm,
	title={LLVM: A compilation framework for lifelong program analysis \& transformation},
	author={Lattner, Chris and Adve, Vikram},
	booktitle={Proceedings of the international symposium on Code generation and optimization: feedback-directed and runtime optimization},
	pages={75},
	year={2004},
	organization={IEEE Computer Society}
}

